# Example bib
@article{greenwade93,
    author  = "George D. Greenwade",
    title   = "The {C}omprehensive {T}ex {A}rchive {N}etwork ({CTAN})",
    year    = "1993",
    journal = "TUGBoat",
    volume  = "14",
    number  = "3",
    pages   = "342--351"
}

@article{Quaternion_Kinematics_for_the_Error-state_EKF,
  author       = {Joan Sol{\`{a}}},
  title        = {Quaternion kinematics for the error-state Kalman filter},
  journal      = {CoRR},
  volume       = {abs/1711.02508},
  year         = {2017},
  url          = {http://arxiv.org/abs/1711.02508},
  eprinttype    = {arXiv},
  eprint       = {1711.02508},
  timestamp    = {Mon, 13 Aug 2018 16:48:15 +0200},
  biburl       = {https://dblp.org/rec/journals/corr/abs-1711-02508.bib},
  bibsource    = {dblp computer science bibliography, https://dblp.org}
}

@article{Contact-Aided_Invarant_EKF,
  author       = {Ross Hartley and
                  Maani Ghaffari Jadidi and
                  Ryan M. Eustice and
                  Jessy W. Grizzle},
  title        = {Contact-Aided Invariant Extended Kalman Filtering for Robot State
                  Estimation},
  journal      = {CoRR},
  volume       = {abs/1904.09251},
  year         = {2019},
  url          = {http://arxiv.org/abs/1904.09251},
  eprinttype    = {arXiv},
  eprint       = {1904.09251},
  timestamp    = {Fri, 26 Apr 2019 13:18:53 +0200},
  biburl       = {https://dblp.org/rec/journals/corr/abs-1904-09251.bib},
  bibsource    = {dblp computer science bibliography, https://dblp.org}
}

@INPROCEEDINGS{Fonder2019MidAir,
author = {Michael Fonder and Marc Van Droogenbroeck},
title = {Mid-Air: A multi-modal dataset for extremely low altitude drone flights},
booktitle = {Conference on Computer Vision and Pattern Recognition Workshop (CVPRW)},
year = {2019},
month = {June}
}

% Euler angles, quaternions, and transformation matrices for space shuttle analysis
@article{EulerQ,
    author  = {Henderson, D. M.},
    title   = {Euler angles, quaternions, and transformation matrices for space shuttle analysis},
    year    = {1977},
    journal = {Legacy CDMS},
    pages   = {39}
}

@article{blanco2021tutorial,
  title={A tutorial on SE3 transformation parameterizations and on-manifold optimization},
  author={Blanco-Claraco, Jos{\'e} Luis},
  journal={arXiv preprint arXiv:2103.15980},
  year={2021}
}

@book{farrell2008aided,
  title={Aided Navigation: GPS with High Rate Sensors},
  author={Farrell, Jay A.},
  year={2008},
  publisher={McGraw-Hill Professional},
  address={New York},
  pages={530}
}

@article{DBLP:journals/corr/BarrauB14,
  author       = {Axel Barrau and
                  Silv{\`{e}}re Bonnabel},
  title        = {The invariant extended Kalman filter as a stable observer},
  journal      = {CoRR},
  volume       = {abs/1410.1465},
  year         = {2014},
  url          = {http://arxiv.org/abs/1410.1465},
  eprinttype    = {arXiv},
  eprint       = {1410.1465},
  timestamp    = {Tue, 11 Apr 2023 10:58:45 +0200},
  biburl       = {https://dblp.org/rec/journals/corr/BarrauB14.bib},
  bibsource    = {dblp computer science bibliography, https://dblp.org}
}

@INPROCEEDINGS{7868509,
  author={Pouria Talebi, Sayed and Kanna, Sithan and Xia, Yili and Mandic, Danilo P.},
  booktitle={2016 IEEE International Conference on Digital Signal Processing (DSP)}, 
  title={A distributed quaternion Kalman filter with applications to fly-by-wire systems}, 
  year={2016},
  volume={},
  number={},
  pages={30-34},
  keywords={Quaternions;Sensors;Kalman filters;Aircraft;Covariance matrices;Signal processing algorithms;Aerospace electronics;Quaternion-valued adaptive signal processing;quaternion-valued state space modeling;distributed adaptive filtering;fly-by-wire},
  doi={10.1109/ICDSP.2016.7868509}}

@book{book,
author = {Barfoot, Timothy},
year = {2017},
month = {08},
pages = {1-368},
title = {State Estimation for Robotics},
isbn = {9781107159396},
doi = {10.1017/9781316671528}
}

@ARTICLE{9444664,
  author={Potokar, Easton R. and Norman, Kalin and Mangelson, Joshua G.},
  journal={IEEE Robotics and Automation Letters}, 
  title={Invariant Extended Kalman Filtering for Underwater Navigation}, 
  year={2021},
  volume={6},
  number={3},
  pages={5792-5799},
  keywords={Location awareness;Kalman filters;Pressure sensors;Trajectory;Pressure measurement;Noise measurement;Convergence;Unmanned underwater vehicles;filtering algorithms;state estimation;computational geometry},
  doi={10.1109/LRA.2021.3085167}}

@misc{stechschulte2023imuspecs,
  author       = {Stechschulte, John},
  title        = {Reading IMU specs for fun and profit},
  url          = {https://stechschulte.net/2023/10/11/imu-specs.html},
}

@article{green1952orthogonal,
  author    = {Green, Bert F.},
  title     = {The Orthogonal Approximation of an Oblique Structure in Factor Analysis},
  journal   = {Psychometrika},
  volume    = {17},
  number    = {4},
  pages     = {429--440},
  year      = {1952}
}